<?xml version = "1.0" encoding = "UTF-8"?><record>
  <leader>02130nam#a2200337#cc4500</leader>
  <controlfield tag="005">20210409104454.0</controlfield>
  <controlfield tag="007">tu</controlfield>
  <controlfield tag="008">160613|1593####xx############|||#|#ger#c</controlfield>
  <controlfield tag="003">DE-605</controlfield>
  <controlfield tag="001">990211697290206441</controlfield>
  <datafield tag="024" ind1="7" ind2=" ">
    <subfield code="a">VD16 S 9000</subfield>
    <subfield code="2">vd16</subfield>
  </datafield>
  <datafield tag="026" ind1=" " ind2=" ">
    <subfield code="e">enre ptja n,es lili 3 1593A1</subfield>
  </datafield>
  <datafield tag="035" ind1=" " ind2=" ">
    <subfield code="a">(DE-605)HT018998891</subfield>
  </datafield>
  <datafield tag="040" ind1=" " ind2=" ">
    <subfield code="a">929</subfield>
    <subfield code="b">ger</subfield>
    <subfield code="d">929</subfield>
    <subfield code="e">vd16</subfield>
  </datafield>
  <datafield tag="041" ind1=" " ind2=" ">
    <subfield code="a">ger</subfield>
    <subfield code="a">lat</subfield>
  </datafield>
  <datafield tag="044" ind1=" " ind2=" ">
    <subfield code="c">XA-DXDE</subfield>
  </datafield>
  <datafield tag="084" ind1=" " ind2=" ">
    <subfield code="a">450</subfield>
    <subfield code="2">rpb</subfield>
  </datafield>
  <datafield tag="100" ind1="1" ind2=" ">
    <subfield code="a">Stieber, Thomas</subfield>
    <subfield code="d">ca. 2. H&#228;lfte 16. Jh.</subfield>
    <subfield code="0">(DE-588)130303402</subfield>
    <subfield code="4">aut</subfield>
    <subfield code="9">O:H</subfield>
    <subfield code="0">(uri) https://portal.dnb.de/opac.htm?method=simpleSearch&amp;cqlMode=true&amp;query=idn=130303402</subfield>
    <subfield code="0">(uri) http://viaf.org/viaf/sourceID/DNB|130303402</subfield>
    <subfield code="B">GND-130303402</subfield>
  </datafield>
  <datafield tag="245" ind1="1" ind2="0">
    <subfield code="a">Historische || Ertzehlung || vnd || Leychpredigten || Etlicher Hocherleuchter Keyser/|| K&#246;nige vnd Churf[ue]rsten/ Sampt jhrem || Christlichen Leben/ Wandel vnd T[oe]dt=||lichem Abgang.|| De&#223;gleichen derselben Contrafacturen vnnd Bild=||nissen/ auch Epitaphijs oder Grabschrifften ... || in Druck verordnet/|| Durch || M. THOMAM STYBARVM,|| der Freyen Herrschafft vom Wolffstein Super-||intendenten zu Pyrbawm.||</subfield>
    <subfield code="n">Der Erste Theil</subfield>
  </datafield>
  <datafield tag="264" ind1=" " ind2="1">
    <subfield code="a">Leipzig</subfield>
    <subfield code="b">Grosse</subfield>
    <subfield code="c">1593</subfield>
  </datafield>
  <datafield tag="300" ind1=" " ind2=" ">
    <subfield code="a">[10], 232 Bl.</subfield>
    <subfield code="b">Ill. (Holzschn.), Tab.</subfield>
  </datafield>
  <datafield tag="500" ind1=" " ind2=" ">
    <subfield code="a">Widmungsempf&#228;nger nicht auf der Hauptitelseite: Friedrich Wilhelm I.; Johann, Herzog von Sachsen-Weimar-Altenburg; Johann Casimir, Herzog von Sachsen-Coburg; Johann Ernst, Herzog von Sachsen-Coburg-Eisenach</subfield>
    <subfield code="9">F:509</subfield>
  </datafield>
  <datafield tag="500" ind1=" " ind2=" ">
    <subfield code="a">Vorlageform des Erscheinungsvermerks: Gedruckt zu Leipzig/ in vorlegung Henningi Grossen: Buchhendlers/ Anno 1593.||</subfield>
    <subfield code="9">F:511</subfield>
  </datafield>
  <datafield tag="500" ind1=" " ind2=" ">
    <subfield code="a">Signaturformel nach Ex. der SBB: (A)-(B)4, (C)2, A-Z4, Aa-Zz4, Aaa-Mmm4. - Fehler in der Paginierung: Bl. 59 statt 68, 171 statt 173, 225 statt 226. - Portr. auf Bl.: (C)2 verso, 11 verso, 20 verso, zwischen 33 und 34, 87 verso, 59 verso, 87 verso, 120 verso, 145 verso, 172 verso</subfield>
    <subfield code="9">F:512</subfield>
  </datafield>
  <datafield tag="546" ind1=" " ind2=" ">
    <subfield code="a">Titelbl. in Rot- und Schwarzdr.</subfield>
  </datafield>
  <datafield tag="773" ind1="0" ind2="8">
    <subfield code="w">(DE-605)HT018998832</subfield>
    <subfield code="q">1</subfield>
  </datafield>
  <datafield tag="856" ind1="4" ind2=" ">
    <subfield code="u">http://resolver.staatsbibliothek-berlin.de/SBB00006B8200000000</subfield>
    <subfield code="3">34 Volltext // 2012 digitalisiert von: Staatsbibliothek zu Berlin. Exemplar der SBB-PK Berlin mit der Signatur: S 190&lt;b&gt;</subfield>
  </datafield>
  <datafield tag="964" ind1="0" ind2="s">
    <subfield code="F">030</subfield>
    <subfield code="A">a|5z|||z|00||</subfield>
  </datafield>
  <datafield tag="964" ind1="0" ind2="s">
    <subfield code="F">050</subfield>
    <subfield code="A">a|a|||||||</subfield>
  </datafield>
  <datafield tag="035" ind1=" " ind2=" ">
    <subfield code="a">(DE-599)GBV180049909</subfield>
  </datafield>
  <datafield tag="035" ind1=" " ind2=" ">
    <subfield code="a">(DE-601)180049909</subfield>
  </datafield>
  <datafield tag="MBD" ind1=" " ind2=" ">
    <subfield code="M">49HBZ_NETWORK</subfield>
    <subfield code="i">990211697290206441</subfield>
    <subfield code="n">HBZ Network</subfield>
  </datafield>
  <datafield tag="MNG" ind1=" " ind2=" ">
    <subfield code="c">System</subfield>
    <subfield code="f">ILS</subfield>
    <subfield code="i">marc21</subfield>
    <subfield code="k">01</subfield>
    <subfield code="e">false</subfield>
    <subfield code="d">2021-04-09 10:44:54 Europe/Berlin</subfield>
    <subfield code="g">021169729-HBZ01</subfield>
    <subfield code="j">60</subfield>
    <subfield code="a">import</subfield>
    <subfield code="b">2021-04-05 09:50:07 Europe/Berlin</subfield>
  </datafield>
  <datafield tag="GPN" ind1="1" ind2=" ">
    <subfield code="a">Stibarus, Thomas</subfield>
    <subfield code="d">ca. 2. Ha&#776;lfte 16. Jh.</subfield>
    <subfield code="A">GND</subfield>
    <subfield code="B">GND-130303402</subfield>
    <subfield code="C">400</subfield>
  </datafield>
  <datafield tag="GPN" ind1="1" ind2=" ">
    <subfield code="a">Stybarus, Thomas</subfield>
    <subfield code="d">ca. 2. Ha&#776;lfte 16. Jh.</subfield>
    <subfield code="A">GND</subfield>
    <subfield code="B">GND-130303402</subfield>
    <subfield code="C">400</subfield>
  </datafield>
  <datafield tag="GSI" ind1="7" ind2=" ">
    <subfield code="a">http://d-nb.info/gnd/130303402</subfield>
    <subfield code="2">uri</subfield>
    <subfield code="A">GND</subfield>
    <subfield code="B">GND-130303402</subfield>
    <subfield code="C">024</subfield>
  </datafield>
</record>